<collection xmlns="http://www.loc.gov/MARC21/slim">
<record>
  <leader>00913nam0a22002051i 450 </leader>
  <controlfield tag="001">IT\ICCU\CNCE\079814</controlfield>
  <controlfield tag="005">20180109000000.0</controlfield>
  <datafield tag="012" ind1=" " ind2=" ">
    <subfield code="a">a-e- rora eno- nose (C) 1539 (R)</subfield>
    <subfield code="2">fei</subfield>
  </datafield>
  <datafield tag="100" ind1=" " ind2=" ">
    <subfield code="a">20171221d1539        0itac0103    ba</subfield>
  </datafield>
  <datafield tag="101" ind1=" " ind2=" ">
    <subfield code="a">ITA</subfield>
  </datafield>
  <datafield tag="102" ind1=" " ind2=" ">
    <subfield code="a">IT</subfield>
  </datafield>
  <datafield tag="200" ind1="1" ind2=" ">
    <subfield code="a">Fior de vertu historiato vtilissimo a ciascadun fedel christiano. Nuouamente con somma diligentia reuisto: e corretto</subfield>
  </datafield>
  <datafield tag="210" ind1=" " ind2=" ">
    <subfield code="d">1539</subfield>
    <subfield code="e">Vinegia</subfield>
    <subfield code="g">in casa di Giouanantonio e Domenico fratelli</subfield>
    <subfield code="h">di Volpini</subfield>
    <subfield code="h">da Castel Giuffredo</subfield>
    <subfield code="h">1539</subfield>
  </datafield>
  <datafield tag="215" ind1=" " ind2=" ">
    <subfield code="a">\44! c.</subfield>
    <subfield code="d">ill.</subfield>
    <subfield code="c">8ʻ</subfield>
  </datafield>
  <datafield tag="500" ind1="1" ind2="1">
    <subfield code="3">IT\ICCU\CNCE\019140</subfield>
    <subfield code="a">Fiore di virtAu</subfield>
  </datafield>
  <datafield tag="620" ind1=" " ind2=" ">
    <subfield code="a">IT</subfield>
    <subfield code="d">Venezia</subfield>
  </datafield>
  <datafield tag="712" ind1="0" ind2="0">
    <subfield code="a">Volpini, Giovanni Antonio &amp; Volpini, Domenico</subfield>
    <subfield code="3">IT\ICCU\CNCT\001728</subfield>
    <subfield code="4">650</subfield>
  </datafield>
  <datafield tag="791" ind1="0" ind2="0">
    <subfield code="a">Volpini, Domenico</subfield>
    <subfield code="3">IT\ICCU\CNCT\001729</subfield>
    <subfield code="z">Volpini, Giovanni Antonio &amp; Volpini, Domenico</subfield>
  </datafield>
  <datafield tag="801" ind1=" " ind2="3">
    <subfield code="a">IT</subfield>
    <subfield code="b">ICCU</subfield>
    <subfield code="c">20201115</subfield>
  </datafield>
  <datafield tag="899" ind1=" " ind2=" ">
    <subfield code="a">Biblioteche della Fondazione Giorgio Cini onlus. Venezia</subfield>
    <subfield code="1">VE0239</subfield>
    <subfield code="2">VEA FC</subfield>
  </datafield>
</record>
</collection>
